<?xml version="1.0" encoding="UTF-8"?>
<!DOCTYPE html PUBLIC "-//W3C//DTD XHTML 1.0 Transitional//EN"
    "http://www.w3.org/TR/xhtml1/DTD/xhtml1-transitional.dtd">
<html xmlns="http://www.w3.org/1999/xhtml" xml:lang="en" lang="en">
 <head>
  <title>
</title>
<meta http-equiv="Content-Type" content="text/html;charset=utf-8" />
  <meta name='ocr-system' content='tesseract 3.04.00' />
  <meta name='ocr-capabilities' content='ocr_page ocr_carea ocr_par ocr_line ocrx_word'/>
</head>
<body>
  <div class='ocr_page' id='page_1' title='image "./iacobitheodorikl03klei_0051.png"; bbox 0 0 2504 3213; ppageno 0'>
   <div class='ocr_carea' id='block_1_1' title="bbox 500 148 1703 211">
    <p class='ocr_par' dir='ltr' id='par_1_1' title="bbox 500 148 1703 211">
     <span class='ocr_line' id='line_1_1' title="bbox 500 148 1703 211; baseline 0.007 -18"><span class='ocrx_word' id='word_1_1' title='bbox 500 148 867 193; x_wconf 88' lang='lat' dir='ltr'>OCCULTAS</span> <span class='ocrx_word' id='word_1_2' title='bbox 897 149 1356 198; x_wconf 70' lang='lat' dir='ltr'><strong>SPIRANTIDUS.</strong></span> <span class='ocrx_word' id='word_1_3' title='bbox 1653 173 1703 211; x_wconf 82' lang='lat'>41</span> 
     </span>
    </p>
   </div>
   <div class='ocr_carea' id='block_1_2' title="bbox 816 250 1011 301">
    <p class='ocr_par' dir='ltr' id='par_1_2' title="bbox 816 250 1011 301">
     <span class='ocr_line' id='line_1_2' title="bbox 816 250 1011 301; baseline 0.01 -12"><span class='ocrx_word' id='word_1_4' title='bbox 816 250 1011 301; x_wconf 53' lang='lat' dir='ltr'>§xxx</span> 
     </span>
    </p>
   </div>
   <div class='ocr_carea' id='block_1_3' title="bbox 122 324 1686 722">
    <p class='ocr_par' dir='ltr' id='par_1_3' title="bbox 122 324 1686 722">
     <span class='ocr_line' id='line_1_3' title="bbox 227 324 1686 385; baseline 0.005 -20"><span class='ocrx_word' id='word_1_5' title='bbox 227 328 368 378; x_wconf 82' lang='lat' dir='ltr'><em>Capitis</em></span> <span class='ocrx_word' id='word_1_6' title='bbox 388 336 494 375; x_wconf 88' lang='lat' dir='ltr'>cute,</span> <span class='ocrx_word' id='word_1_7' title='bbox 522 327 560 364; x_wconf 90' lang='lat' dir='ltr'>in</span> <span class='ocrx_word' id='word_1_8' title='bbox 582 324 762 375; x_wconf 82' lang='lat' dir='ltr'>superiori</span> <span class='ocrx_word' id='word_1_9' title='bbox 779 336 899 375; x_wconf 85' lang='lat' dir='ltr'>parte,</span> <span class='ocrx_word' id='word_1_10' title='bbox 927 339 1092 375; x_wconf 87' lang='lat' dir='ltr'>remota,</span> <span class='ocrx_word' id='word_1_11' title='bbox 1121 329 1223 380; x_wconf 80' lang='lat' dir='ltr'>supra</span> <span class='ocrx_word' id='word_1_12' title='bbox 1236 328 1431 370; x_wconf 79' lang='lat' dir='ltr'>foraminis</span> <span class='ocrx_word' id='word_1_13' title='bbox 1447 335 1592 383; x_wconf 84' lang='lat' dir='ltr'>magni,</span> <span class='ocrx_word' id='word_1_14' title='bbox 1611 348 1686 385; x_wconf 89' lang='lat' dir='ltr'>qvo</span> 
     </span>
     <span class='ocr_line' id='line_1_4' title="bbox 126 374 1686 430; baseline 0.004 -13"><span class='ocrx_word' id='word_1_15' title='bbox 126 377 250 417; x_wconf 87' lang='lat' dir='ltr'>tranfit</span> <span class='ocrx_word' id='word_1_16' title='bbox 272 376 431 415; x_wconf 84' lang='lat' dir='ltr'>medulla</span> <span class='ocrx_word' id='word_1_17' title='bbox 453 374 615 427; x_wconf 88' lang='lat' dir='ltr'>spinalis,</span> <span class='ocrx_word' id='word_1_18' title='bbox 642 386 764 412; x_wconf 81' lang='lat' dir='ltr'>aream</span> <span class='ocrx_word' id='word_1_19' title='bbox 785 374 1036 430; x_wconf 78' lang='lat' dir='ltr'>superiorem,</span> <span class='ocrx_word' id='word_1_20' title='bbox 1063 377 1158 416; x_wconf 87' lang='lat' dir='ltr'>finus</span> <span class='ocrx_word' id='word_1_21' title='bbox 1173 380 1471 430; x_wconf 76' lang='lat' dir='ltr'>conspiciebatur</span> <span class='ocrx_word' id='word_1_22' title='bbox 1488 384 1686 425; x_wconf 81' lang='lat' dir='ltr'>semiluna-</span> 
     </span>
     <span class='ocr_line' id='line_1_5' title="bbox 125 424 1684 482; baseline 0.004 -16"><span class='ocrx_word' id='word_1_23' title='bbox 125 429 175 467; x_wconf 85' lang='lat' dir='ltr'>ris</span> <span class='ocrx_word' id='word_1_24' title='bbox 188 457 200 476; x_wconf 90' lang='lat'><strong>‚</strong></span> <span class='ocrx_word' id='word_1_25' title='bbox 227 427 322 465; x_wconf 87' lang='lat' dir='ltr'>dnos</span> <span class='ocrx_word' id='word_1_26' title='bbox 337 425 492 476; x_wconf 86' lang='lat' dir='ltr'><strong>pollices</strong></span> <span class='ocrx_word' id='word_1_27' title='bbox 510 425 622 472; x_wconf 82' lang='lat' dir='ltr'>latus,</span> <span class='ocrx_word' id='word_1_28' title='bbox 657 424 757 470; x_wconf 88' lang='lat' dir='ltr'>juxta</span> <span class='ocrx_word' id='word_1_29' title='bbox 777 435 881 468; x_wconf 74' lang='lat' dir='ltr'>cums</span> <span class='ocrx_word' id='word_1_30' title='bbox 898 427 1151 465; x_wconf 78' lang='lat' dir='ltr'>extremitates</span> <span class='ocrx_word' id='word_1_31' title='bbox 1167 426 1336 467; x_wconf 83' lang='lat' dir='ltr'>foramen</span> <span class='ocrx_word' id='word_1_32' title='bbox 1360 433 1554 482; x_wconf 85' lang='lat' dir='ltr'>utrinqve,</span> <span class='ocrx_word' id='word_1_33' title='bbox 1570 436 1684 473; x_wconf 88' lang='lat' dir='ltr'>inter-</span> 
     </span>
     <span class='ocr_line' id='line_1_6' title="bbox 124 472 1683 533; baseline 0.005 -19"><span class='ocrx_word' id='word_1_34' title='bbox 124 475 222 515; x_wconf 86' lang='lat' dir='ltr'>vallo</span> <span class='ocrx_word' id='word_1_35' title='bbox 242 475 400 525; x_wconf 83' lang='lat' dir='ltr'>pollicis.</span> <span class='ocrx_word' id='word_1_36' title='bbox 475 472 785 521; x_wconf 89' lang='lat' dir='ltr'>Unumqvodqve</span> <span class='ocrx_word' id='word_1_37' title='bbox 803 472 977 512; x_wconf 84' lang='lat' dir='ltr'>tendebat</span> <span class='ocrx_word' id='word_1_38' title='bbox 992 476 1037 514; x_wconf 89' lang='lat' dir='ltr'>ad</span> <span class='ocrx_word' id='word_1_39' title='bbox 1054 488 1116 524; x_wconf 88' lang='lat' dir='ltr'>os,</span> <span class='ocrx_word' id='word_1_40' title='bbox 1162 478 1263 526; x_wconf 87' lang='lat' dir='ltr'>qvod</span> <span class='ocrx_word' id='word_1_41' title='bbox 1279 481 1346 517; x_wconf 86' lang='lat' dir='ltr'>rati</span> <span class='ocrx_word' id='word_1_42' title='bbox 1372 480 1520 531; x_wconf 80' lang='lat' dir='ltr'>finnus,</span> <span class='ocrx_word' id='word_1_43' title='bbox 1554 495 1683 533; x_wconf 83' lang='lat' dir='ltr'>petro-</span> 
     </span>
     <span class='ocr_line' id='line_1_7' title="bbox 122 522 1680 579; baseline 0.006 -16"><span class='ocrx_word' id='word_1_44' title='bbox 122 525 216 574; x_wconf 85' lang='lat' dir='ltr'>sum,</span> <span class='ocrx_word' id='word_1_45' title='bbox 233 524 289 562; x_wconf 85' lang='lat' dir='ltr'>vel</span> <span class='ocrx_word' id='word_1_46' title='bbox 307 526 386 572; x_wconf 89' lang='lat' dir='ltr'>ejus</span> <span class='ocrx_word' id='word_1_47' title='bbox 397 526 496 562; x_wconf 86' lang='lat' dir='ltr'>vices</span> <span class='ocrx_word' id='word_1_48' title='bbox 510 523 675 569; x_wconf 86' lang='lat' dir='ltr'>subiens,</span> <span class='ocrx_word' id='word_1_49' title='bbox 693 523 790 560; x_wconf 90' lang='lat' dir='ltr'>intus</span> <span class='ocrx_word' id='word_1_50' title='bbox 803 522 1015 564; x_wconf 88' lang='lat' dir='ltr'>membrana</span> <span class='ocrx_word' id='word_1_51' title='bbox 1028 525 1163 575; x_wconf 81' lang='lat' dir='ltr'>subtili,</span> <span class='ocrx_word' id='word_1_52' title='bbox 1175 538 1251 575; x_wconf 86' lang='lat' dir='ltr'>tym</span> <span class='ocrx_word' id='word_1_53' title='bbox 1281 540 1353 567; x_wconf 86' lang='lat' dir='ltr'>ano</span> <span class='ocrx_word' id='word_1_54' title='bbox 1369 527 1488 578; x_wconf 76' lang='lat' dir='ltr'>simili,</span> <span class='ocrx_word' id='word_1_55' title='bbox 1498 531 1680 579; x_wconf 80' lang='lat' dir='ltr'>clausum3</span> 
     </span>
     <span class='ocr_line' id='line_1_8' title="bbox 124 570 1681 622; baseline 0.006 -10"><span class='ocrx_word' id='word_1_56' title='bbox 124 575 196 613; x_wconf 85' lang='lat' dir='ltr'>hae</span> <span class='ocrx_word' id='word_1_57' title='bbox 214 573 438 622; x_wconf 83' lang='lat' dir='ltr'>membrana,</span> <span class='ocrx_word' id='word_1_58' title='bbox 449 573 634 611; x_wconf 83' lang='lat' dir='ltr'>mediante</span> <span class='ocrx_word' id='word_1_59' title='bbox 646 570 1047 622; x_wconf 79' lang='lat' dir='ltr'>seta,perforata,qvam</span> <span class='ocrx_word' id='word_1_60' title='bbox 1059 574 1162 613; x_wconf 88' lang='lat' dir='ltr'>alteri</span> <span class='ocrx_word' id='word_1_61' title='bbox 1180 589 1227 613; x_wconf 83' lang='lat' dir='ltr'>ex</span> <span class='ocrx_word' id='word_1_62' title='bbox 1270 576 1350 616; x_wconf 66' lang='lat' dir='ltr'>ielis</span> <span class='ocrx_word' id='word_1_63' title='bbox 1361 576 1606 620; x_wconf 82' lang='lat' dir='ltr'>foraminibus</span> <span class='ocrx_word' id='word_1_64' title='bbox 1616 596 1681 621; x_wconf 82' lang='lat' dir='ltr'>ex-</span> 
     </span>
     <span class='ocr_line' id='line_1_9' title="bbox 125 619 1680 674; baseline 0.006 -12"><span class='ocrx_word' id='word_1_65' title='bbox 125 626 240 662; x_wconf 87' lang='lat' dir='ltr'>ternis</span> <span class='ocrx_word' id='word_1_66' title='bbox 257 622 497 671; x_wconf 76' lang='lat' dir='ltr'>immisimus,</span> <span class='ocrx_word' id='word_1_67' title='bbox 536 622 606 659; x_wconf 82' lang='lat' dir='ltr'>seta</span> <span class='ocrx_word' id='word_1_68' title='bbox 626 619 800 671; x_wconf 86' lang='lat' dir='ltr'>perrepfit</span> <span class='ocrx_word' id='word_1_69' title='bbox 817 621 980 672; x_wconf 83' lang='lat' dir='ltr'>canales,</span> <span class='ocrx_word' id='word_1_70' title='bbox 1008 626 1045 663; x_wconf 92' lang='lat' dir='ltr'>in</span> <span class='ocrx_word' id='word_1_71' title='bbox 1064 625 1198 674; x_wconf 90' lang='lat' dir='ltr'>qvibus</span> <span class='ocrx_word' id='word_1_72' title='bbox 1214 625 1414 667; x_wconf 62' lang='lat' dir='ltr'>fludiuabat</span> <span class='ocrx_word' id='word_1_73' title='bbox 1431 642 1567 670; x_wconf 90' lang='lat' dir='ltr'>nervus</span> <span class='ocrx_word' id='word_1_74' title='bbox 1588 645 1680 672; x_wconf 89' lang='lat' dir='ltr'>con-</span> 
     </span>
     <span class='ocr_line' id='line_1_10' title="bbox 125 669 970 722; baseline -0.001 -10"><span class='ocrx_word' id='word_1_75' title='bbox 125 675 311 718; x_wconf 67' lang='lat' dir='ltr'>dunatus,</span> <span class='ocrx_word' id='word_1_76' title='bbox 344 673 390 711; x_wconf 93' lang='lat' dir='ltr'>de</span> <span class='ocrx_word' id='word_1_77' title='bbox 401 684 476 721; x_wconf 91' lang='lat' dir='ltr'>qvo</span> <span class='ocrx_word' id='word_1_78' title='bbox 493 671 529 711; x_wconf 70' lang='grc' dir='ltr'>ὅ(</span> <span class='ocrx_word' id='word_1_79' title='bbox 544 671 590 709; x_wconf 90' lang='lat' dir='ltr'>de</span> <span class='ocrx_word' id='word_1_80' title='bbox 607 669 739 721; x_wconf 84' lang='lat' dir='ltr'>lapillis</span> <span class='ocrx_word' id='word_1_81' title='bbox 761 672 799 708; x_wconf 90' lang='lat' dir='ltr'>in</span> <span class='ocrx_word' id='word_1_82' title='bbox 814 671 925 722; x_wconf 71' lang='lat' dir='ltr'><em>Mlffiae</em></span> <span class='ocrx_word' id='word_1_83' title='bbox 942 673 970 711; x_wconf 88' lang='lat' dir='ltr'>I.</span> 
     </span>
    </p>
   </div>
   <div class='ocr_carea' id='block_1_4' title="bbox 222 767 1775 969">
    <p class='ocr_par' dir='ltr' id='par_1_4' title="bbox 222 767 1775 969">
     <span class='ocr_line' id='line_1_11' title="bbox 222 767 1775 854; baseline 0.004 -44"><span class='ocrx_word' id='word_1_84' title='bbox 222 773 290 821; x_wconf 87' lang='lat' dir='ltr'>Os,</span> <span class='ocrx_word' id='word_1_85' title='bbox 321 769 424 819; x_wconf 87' lang='lat' dir='ltr'>qvod</span> <span class='ocrx_word' id='word_1_86' title='bbox 440 769 624 817; x_wconf 87' lang='lat' dir='ltr'>diximus,</span> <span class='ocrx_word' id='word_1_87' title='bbox 650 767 846 819; x_wconf 70' lang='lat' dir='ltr'>petrcficm,</span> <span class='ocrx_word' id='word_1_88' title='bbox 884 767 1109 810; x_wconf 73' lang='lat' dir='ltr'>sinistrum&amp;</span> <span class='ocrx_word' id='word_1_89' title='bbox 1128 770 1367 811; x_wconf 89' lang='lat' dir='ltr'>dimidiatum</span> <span class='ocrx_word' id='word_1_90' title='bbox 1382 772 1470 813; x_wconf 82' lang='lat' dir='ltr'>Tab.</span> <span class='ocrx_word' id='word_1_91' title='bbox 1488 775 1575 824; x_wconf 76' lang='lat' dir='ltr'>V.fi</span> <span class='ocrx_word' id='word_1_92' title='bbox 1585 791 1625 828; x_wconf 88' lang='lat'>4.</span> <span class='ocrx_word' id='word_1_93' title='bbox 1674 784 1775 854; x_wconf 42' lang='lat' dir='ltr'>prN</span> 
     </span>
     <span class='ocr_line' id='line_1_12' title="bbox 318 840 1742 926; baseline 0.006 -20"><span class='ocrx_word' id='word_1_94' title='bbox 318 880 349 907; x_wconf 84' lang='lat' dir='ltr'>a.</span> <span class='ocrx_word' id='word_1_95' title='bbox 375 870 456 906; x_wconf 83' lang='lat' dir='ltr'>Seta</span> <span class='ocrx_word' id='word_1_96' title='bbox 471 877 627 905; x_wconf 88' lang='lat' dir='ltr'>externo</span> <span class='ocrx_word' id='word_1_97' title='bbox 643 863 820 920; x_wconf 67' lang='lat' dir='ltr'>foramini</span> <span class='ocrx_word' id='word_1_98' title='bbox 832 868 998 906; x_wconf 82' lang='lat' dir='ltr'>inaversa</span> <span class='ocrx_word' id='word_1_99' title='bbox 1016 879 1118 918; x_wconf 89' lang='lat' dir='ltr'>parte</span> <span class='ocrx_word' id='word_1_100' title='bbox 1133 869 1290 908; x_wconf 73' lang='lat' dir='ltr'>immissa</span> <span class='ocrx_word' id='word_1_101' title='bbox 1301 871 1488 919; x_wconf 85' lang='lat' dir='ltr'>integrum</span> <span class='ocrx_word' id='word_1_102' title='bbox 1499 874 1678 926; x_wconf 79' lang='lat' dir='ltr'>canalem,</span> <span class='ocrx_word' id='word_1_103' title='bbox 1723 840 1742 868; x_wconf 80' lang='lat'><em>4</em></span> 
     </span>
     <span class='ocr_line' id='line_1_13' title="bbox 518 914 1524 969; baseline 0.008 -16"><span class='ocrx_word' id='word_1_104' title='bbox 518 914 613 964; x_wconf 85' lang='lat' dir='ltr'>qvafi</span> <span class='ocrx_word' id='word_1_105' title='bbox 629 916 940 956; x_wconf 81' lang='lat' dir='ltr'>lemicircularem</span> <span class='ocrx_word' id='word_1_106' title='bbox 955 930 1196 968; x_wconf 80' lang='lat' dir='ltr'>percurrens3</span> <span class='ocrx_word' id='word_1_107' title='bbox 1227 921 1369 959; x_wconf 80' lang='lat' dir='ltr'>reverla</span> <span class='ocrx_word' id='word_1_108' title='bbox 1387 922 1446 969; x_wconf 89' lang='lat' dir='ltr'>in,</span> <span class='ocrx_word' id='word_1_109' title='bbox 1488 923 1524 961; x_wconf 92' lang='lat' dir='ltr'>b.</span> 
     </span>
    </p>
   </div>
   <div class='ocr_carea' id='block_1_5' title="bbox 374 1011 1526 1069">
    <p class='ocr_par' dir='ltr' id='par_1_5' title="bbox 374 1011 1526 1069">
     <span class='ocr_line' id='line_1_14' title="bbox 374 1011 1526 1069; baseline 0.005 -18"><span class='ocrx_word' id='word_1_110' title='bbox 374 1015 472 1052; x_wconf 86' lang='lat' dir='ltr'>Intra</span> <span class='ocrx_word' id='word_1_111' title='bbox 486 1011 670 1052; x_wconf 88' lang='lat' dir='ltr'>cancellos</span> <span class='ocrx_word' id='word_1_112' title='bbox 686 1013 798 1063; x_wconf 88' lang='lat' dir='ltr'>hujus</span> <span class='ocrx_word' id='word_1_113' title='bbox 814 1014 948 1055; x_wconf 83' lang='lat' dir='ltr'>canalis</span> <span class='ocrx_word' id='word_1_114' title='bbox 963 1015 1014 1055; x_wconf 82' lang='lat' dir='ltr'>est</span> <span class='ocrx_word' id='word_1_115' title='bbox 1034 1015 1217 1057; x_wconf 81' lang='lat' dir='ltr'>thalamus</span> <span class='ocrx_word' id='word_1_116' title='bbox 1231 1015 1464 1069; x_wconf 78' lang='lat' dir='ltr'>lapillorum,</span> <span class='ocrx_word' id='word_1_117' title='bbox 1493 1032 1526 1060; x_wconf 86' lang='lat' dir='ltr'>c.</span> 
     </span>
    </p>
   </div>
   <div class='ocr_carea' id='block_1_6' title="bbox 780 1147 992 1198">
    <p class='ocr_par' dir='ltr' id='par_1_6' title="bbox 780 1147 992 1198">
     <span class='ocr_line' id='line_1_15' title="bbox 780 1147 992 1198; baseline 0.009 -14"><span class='ocrx_word' id='word_1_118' title='bbox 780 1147 992 1198; x_wconf 56' lang='lat' dir='ltr'>§xxxi</span> 
     </span>
    </p>
   </div>
   <div class='ocr_carea' id='block_1_7' title="bbox 97 1221 1769 2369">
    <p class='ocr_par' dir='ltr' id='par_1_7' title="bbox 97 1221 1769 2369">
     <span class='ocr_line' id='line_1_16' title="bbox 212 1221 1671 1280; baseline 0.001 -20"><span class='ocrx_word' id='word_1_119' title='bbox 212 1222 334 1272; x_wconf 85' lang='lat' dir='ltr'>Duas,</span> <span class='ocrx_word' id='word_1_120' title='bbox 360 1232 447 1270; x_wconf 88' lang='lat' dir='ltr'>qvas</span> <span class='ocrx_word' id='word_1_121' title='bbox 465 1221 597 1260; x_wconf 88' lang='lat' dir='ltr'>Petrus</span> <span class='ocrx_word' id='word_1_122' title='bbox 612 1221 771 1259; x_wconf 85' lang='lat' dir='ltr'>Artedus</span> <span class='ocrx_word' id='word_1_123' title='bbox 790 1223 828 1259; x_wconf 89' lang='lat' dir='ltr'>in</span> <span class='ocrx_word' id='word_1_124' title='bbox 846 1223 931 1270; x_wconf 87' lang='lat' dir='ltr'>Raja</span> <span class='ocrx_word' id='word_1_125' title='bbox 956 1221 1093 1260; x_wconf 86' lang='lat' dir='ltr'>clavata</span> <span class='ocrx_word' id='word_1_126' title='bbox 1116 1231 1150 1272; x_wconf 83' lang='lat' dir='ltr'>p.</span> <span class='ocrx_word' id='word_1_127' title='bbox 1176 1234 1246 1273; x_wconf 81' lang='lat'><em>105.</em></span> <span class='ocrx_word' id='word_1_128' title='bbox 1270 1237 1303 1264; x_wconf 90' lang='lat' dir='ltr'>n.</span> <span class='ocrx_word' id='word_1_129' title='bbox 1328 1238 1376 1264; x_wconf 85' lang='lat'>10.</span> <span class='ocrx_word' id='word_1_130' title='bbox 1402 1228 1559 1279; x_wconf 83' lang='lat' dir='ltr'>appellat</span> <span class='ocrx_word' id='word_1_131' title='bbox 1580 1241 1671 1280; x_wconf 82' lang='lat' dir='ltr'>apo..</span> 
     </span>
     <span class='ocr_line' id='line_1_17' title="bbox 112 1270 1670 1325; baseline 0.006 -16"><span class='ocrx_word' id='word_1_132' title='bbox 112 1270 244 1321; x_wconf 87' lang='lat' dir='ltr'>physes</span> <span class='ocrx_word' id='word_1_133' title='bbox 262 1271 413 1318; x_wconf 77' lang='lat' dir='ltr'>breves,</span> <span class='ocrx_word' id='word_1_134' title='bbox 443 1271 574 1309; x_wconf 89' lang='lat' dir='ltr'>molles</span> <span class='ocrx_word' id='word_1_135' title='bbox 597 1271 632 1309; x_wconf 73' lang='grc' dir='ltr'>ἀ</span> <span class='ocrx_word' id='word_1_136' title='bbox 650 1271 907 1320; x_wconf 83' lang='lat' dir='ltr'>cartilaginum</span> <span class='ocrx_word' id='word_1_137' title='bbox 924 1283 1096 1322; x_wconf 85' lang='lat' dir='ltr'>expertes</span> <span class='ocrx_word' id='word_1_138' title='bbox 1120 1275 1157 1310; x_wconf 90' lang='lat' dir='ltr'>in</span> <span class='ocrx_word' id='word_1_139' title='bbox 1182 1274 1307 1314; x_wconf 87' lang='lat' dir='ltr'>infima</span> <span class='ocrx_word' id='word_1_140' title='bbox 1318 1288 1422 1325; x_wconf 88' lang='lat' dir='ltr'>parte</span> <span class='ocrx_word' id='word_1_141' title='bbox 1448 1278 1494 1316; x_wconf 89' lang='lat' dir='ltr'>ad</span> <span class='ocrx_word' id='word_1_142' title='bbox 1518 1281 1670 1318; x_wconf 90' lang='lat' dir='ltr'>initium</span> 
     </span>
     <span class='ocr_line' id='line_1_18' title="bbox 113 1319 1670 1377; baseline 0.005 -18"><span class='ocrx_word' id='word_1_143' title='bbox 113 1321 258 1369; x_wconf 77' lang='lat' dir='ltr'>caudae,</span> <span class='ocrx_word' id='word_1_144' title='bbox 285 1319 462 1359; x_wconf 83' lang='lat' dir='ltr'>mentulas</span> <span class='ocrx_word' id='word_1_145' title='bbox 477 1320 549 1358; x_wconf 82' lang='lat' dir='ltr'>effe</span> <span class='ocrx_word' id='word_1_146' title='bbox 563 1333 649 1358; x_wconf 90' lang='lat' dir='ltr'>cum</span> <span class='ocrx_word' id='word_1_147' title='bbox 671 1321 874 1359; x_wconf 84' lang='lat' dir='ltr'>clarissimo</span> <span class='ocrx_word' id='word_1_148' title='bbox 892 1323 983 1367; x_wconf 82' lang='lat' dir='ltr'>Rajo</span> <span class='ocrx_word' id='word_1_149' title='bbox 1000 1322 1220 1369; x_wconf 88' lang='lat' dir='ltr'>judicamus.</span> <span class='ocrx_word' id='word_1_150' title='bbox 1310 1327 1401 1364; x_wconf 70' lang='lat' dir='ltr'>Haec</span> <span class='ocrx_word' id='word_1_151' title='bbox 1418 1340 1484 1366; x_wconf 92' lang='lat' dir='ltr'>cor</span> <span class='ocrx_word' id='word_1_152' title='bbox 1512 1340 1596 1377; x_wconf 83' lang='lat' dir='ltr'>ora,</span> <span class='ocrx_word' id='word_1_153' title='bbox 1623 1329 1670 1368; x_wconf 86' lang='lat' dir='ltr'>ad</span> 
     </span>
     <span class='ocr_line' id='line_1_19' title="bbox 110 1371 1668 1422; baseline 0.006 -14"><span class='ocrx_word' id='word_1_154' title='bbox 110 1371 267 1409; x_wconf 85' lang='lat' dir='ltr'>caudam</span> <span class='ocrx_word' id='word_1_155' title='bbox 288 1373 459 1418; x_wconf 86' lang='lat' dir='ltr'>utrinqve</span> <span class='ocrx_word' id='word_1_156' title='bbox 480 1373 671 1420; x_wconf 85' lang='lat' dir='ltr'>pinnaeqve</span> <span class='ocrx_word' id='word_1_157' title='bbox 686 1372 745 1408; x_wconf 91' lang='lat' dir='ltr'>ani</span> <span class='ocrx_word' id='word_1_158' title='bbox 761 1382 902 1409; x_wconf 87' lang='lat' dir='ltr'>annexa</span> <span class='ocrx_word' id='word_1_159' title='bbox 919 1373 1087 1421; x_wconf 85' lang='lat' dir='ltr'>suprema</span> <span class='ocrx_word' id='word_1_160' title='bbox 1103 1383 1229 1422; x_wconf 87' lang='lat' dir='ltr'>parte,</span> <span class='ocrx_word' id='word_1_161' title='bbox 1268 1386 1287 1412; x_wconf 88' lang='lat' dir='ltr'>a</span> <span class='ocrx_word' id='word_1_162' title='bbox 1304 1376 1433 1414; x_wconf 89' lang='lat' dir='ltr'>medio</span> <span class='ocrx_word' id='word_1_163' title='bbox 1453 1390 1471 1416; x_wconf 86' lang='lat' dir='ltr'>a</span> <span class='ocrx_word' id='word_1_164' title='bbox 1522 1380 1668 1418; x_wconf 84' lang='lat' dir='ltr'>exitum</span> 
     </span>
     <span class='ocr_line' id='line_1_20' title="bbox 111 1418 1670 1468; baseline 0.006 -11"><span class='ocrx_word' id='word_1_165' title='bbox 111 1432 226 1468; x_wconf 88' lang='lat' dir='ltr'>usqve</span> <span class='ocrx_word' id='word_1_166' title='bbox 244 1420 403 1458; x_wconf 82' lang='lat' dir='ltr'>fissuram</span> <span class='ocrx_word' id='word_1_167' title='bbox 423 1418 731 1468; x_wconf 82' lang='lat' dir='ltr'>longitudinalem</span> <span class='ocrx_word' id='word_1_168' title='bbox 749 1420 895 1459; x_wconf 87' lang='lat' dir='ltr'>habent.</span> <span class='ocrx_word' id='word_1_169' title='bbox 948 1421 1054 1459; x_wconf 78' lang='lat' dir='ltr'>Rima</span> <span class='ocrx_word' id='word_1_170' title='bbox 1071 1420 1219 1459; x_wconf 64' lang='lat' dir='ltr'>diducla</span> <span class='ocrx_word' id='word_1_171' title='bbox 1230 1422 1455 1464; x_wconf 86' lang='lat' dir='ltr'>observanda</span> <span class='ocrx_word' id='word_1_172' title='bbox 1466 1428 1670 1466; x_wconf 89' lang='lat' dir='ltr'>traditurin</span> 
     </span>
     <span class='ocr_line' id='line_1_21' title="bbox 117 1466 1769 1523; baseline 0.005 -16"><span class='ocrx_word' id='word_1_173' title='bbox 117 1468 206 1507; x_wconf 83' lang='lat' dir='ltr'>Tab.</span> <span class='ocrx_word' id='word_1_174' title='bbox 224 1469 263 1507; x_wconf 90' lang='lat' dir='ltr'>V.</span> <span class='ocrx_word' id='word_1_175' title='bbox 268 1469 311 1517; x_wconf 87' lang='lat' dir='ltr'>f.</span> <span class='ocrx_word' id='word_1_176' title='bbox 317 1481 360 1520; x_wconf 77' lang='lat'>5.</span> <span class='ocrx_word' id='word_1_177' title='bbox 371 1466 426 1506; x_wconf 82' lang='lat' dir='ltr'>lit.</span> <span class='ocrx_word' id='word_1_178' title='bbox 442 1481 473 1505; x_wconf 87' lang='lat' dir='ltr'>a.</span> <span class='ocrx_word' id='word_1_179' title='bbox 503 1470 610 1506; x_wconf 89' lang='lat' dir='ltr'>Varia</span> <span class='ocrx_word' id='word_1_180' title='bbox 628 1469 776 1507; x_wconf 70' lang='lat' dir='ltr'>diverstr</span> <span class='ocrx_word' id='word_1_181' title='bbox 790 1470 912 1519; x_wconf 83' lang='lat' dir='ltr'>figurae</span> <span class='ocrx_word' id='word_1_182' title='bbox 929 1470 1154 1518; x_wconf 86' lang='lat' dir='ltr'>(secundum</span> <span class='ocrx_word' id='word_1_183' title='bbox 1174 1472 1328 1520; x_wconf 79' lang='lat' dir='ltr'>Rajum)</span> <span class='ocrx_word' id='word_1_184' title='bbox 1345 1472 1480 1520; x_wconf 75' lang='lat' dir='ltr'>officula</span> <span class='ocrx_word' id='word_1_185' title='bbox 1495 1478 1620 1516; x_wconf 84' lang='lat' dir='ltr'>intusa</span> <span class='ocrx_word' id='word_1_186' title='bbox 1650 1492 1769 1523; x_wconf 73' lang='lat' dir='ltr'>·Tab.v</span> 
     </span>
     <span class='ocr_line' id='line_1_22' title="bbox 108 1516 1769 1576; baseline 0.006 -20"><span class='ocrx_word' id='word_1_187' title='bbox 108 1531 260 1569; x_wconf 83' lang='lat' dir='ltr'>parcnt,</span> <span class='ocrx_word' id='word_1_188' title='bbox 287 1531 404 1557; x_wconf 88' lang='lat' dir='ltr'>unum</span> <span class='ocrx_word' id='word_1_189' title='bbox 421 1518 508 1568; x_wconf 89' lang='lat' dir='ltr'>peni</span> <span class='ocrx_word' id='word_1_190' title='bbox 525 1516 659 1555; x_wconf 82' lang='lat' dir='ltr'>offium</span> <span class='ocrx_word' id='word_1_191' title='bbox 686 1519 786 1556; x_wconf 89' lang='lat' dir='ltr'>canis</span> <span class='ocrx_word' id='word_1_192' title='bbox 808 1549 819 1567; x_wconf 91' lang='lat'>,</span> <span class='ocrx_word' id='word_1_193' title='bbox 872 1518 1030 1557; x_wconf 88' lang='lat' dir='ltr'>alterum</span> <span class='ocrx_word' id='word_1_194' title='bbox 1047 1519 1190 1569; x_wconf 83' lang='lat' dir='ltr'>cultro,</span> <span class='ocrx_word' id='word_1_195' title='bbox 1241 1525 1395 1562; x_wconf 88' lang='lat' dir='ltr'>tertium</span> <span class='ocrx_word' id='word_1_196' title='bbox 1426 1539 1525 1564; x_wconf 89' lang='lat' dir='ltr'>unco</span> <span class='ocrx_word' id='word_1_197' title='bbox 1540 1526 1619 1565; x_wconf 86' lang='lat' dir='ltr'>fimi</span> <span class='ocrx_word' id='word_1_198' title='bbox 1635 1537 1769 1576; x_wconf 51' lang='lat' dir='ltr'>emsa.</span> 
     </span>
     <span class='ocr_line' id='line_1_23' title="bbox 107 1566 1669 1627; baseline 0.005 -20"><span class='ocrx_word' id='word_1_199' title='bbox 107 1571 169 1607; x_wconf 91' lang='lat' dir='ltr'>An</span> <span class='ocrx_word' id='word_1_200' title='bbox 180 1568 329 1607; x_wconf 88' lang='lat' dir='ltr'>officula</span> <span class='ocrx_word' id='word_1_201' title='bbox 339 1568 413 1606; x_wconf 88' lang='lat' dir='ltr'>dici</span> <span class='ocrx_word' id='word_1_202' title='bbox 424 1566 709 1616; x_wconf 82' lang='lat' dir='ltr'>qveant,haefito;</span> <span class='ocrx_word' id='word_1_203' title='bbox 717 1567 763 1605; x_wconf 85' lang='lat' dir='ltr'>de</span> <span class='ocrx_word' id='word_1_204' title='bbox 771 1580 904 1606; x_wconf 88' lang='lat' dir='ltr'>eorum</span> <span class='ocrx_word' id='word_1_205' title='bbox 914 1566 1153 1608; x_wconf 73' lang='lat' dir='ltr'>similitudine</span> <span class='ocrx_word' id='word_1_206' title='bbox 1162 1569 1287 1609; x_wconf 88' lang='lat' dir='ltr'>faciles</span> <span class='ocrx_word' id='word_1_207' title='bbox 1297 1571 1541 1614; x_wconf 58' lang='lat' dir='ltr'>fimuszmodo</span> <span class='ocrx_word' id='word_1_208' title='bbox 1552 1579 1669 1627; x_wconf 86' lang='lat' dir='ltr'>magis</span> 
     </span>
     <span class='ocr_line' id='line_1_24' title="bbox 106 1615 1670 1673; baseline 0.005 -15"><span class='ocrx_word' id='word_1_209' title='bbox 106 1631 231 1658; x_wconf 88' lang='lat' dir='ltr'>curata</span> <span class='ocrx_word' id='word_1_210' title='bbox 241 1618 460 1656; x_wconf 50' lang='lat' dir='ltr'>haberemus</span> <span class='ocrx_word' id='word_1_211' title='bbox 471 1618 616 1654; x_wconf 89' lang='lat' dir='ltr'>criteria</span> <span class='ocrx_word' id='word_1_212' title='bbox 624 1616 997 1667; x_wconf 84' lang='lat' dir='ltr'>officiorum‚qvibus</span> <span class='ocrx_word' id='word_1_213' title='bbox 1007 1615 1212 1668; x_wconf 85' lang='lat' dir='ltr'>funguntur</span> <span class='ocrx_word' id='word_1_214' title='bbox 1228 1621 1379 1662; x_wconf 80' lang='lat' dir='ltr'>officula</span> <span class='ocrx_word' id='word_1_215' title='bbox 1390 1653 1401 1673; x_wconf 90' lang='lat'>,</span> <span class='ocrx_word' id='word_1_216' title='bbox 1417 1624 1465 1664; x_wconf 87' lang='lat' dir='ltr'>fic</span> <span class='ocrx_word' id='word_1_217' title='bbox 1480 1625 1577 1665; x_wconf 61' lang='lat' dir='ltr'>dicta</span> <span class='ocrx_word' id='word_1_218' title='bbox 1602 1628 1670 1664; x_wconf 84' lang='lat' dir='ltr'>tri-</span> 
     </span>
     <span class='ocr_line' id='line_1_25' title="bbox 105 1666 1670 1724; baseline 0.005 -17"><span class='ocrx_word' id='word_1_219' title='bbox 105 1671 251 1720; x_wconf 84' lang='lat' dir='ltr'>partita.</span> <span class='ocrx_word' id='word_1_220' title='bbox 292 1669 397 1706; x_wconf 85' lang='lat' dir='ltr'>Circa</span> <span class='ocrx_word' id='word_1_221' title='bbox 416 1666 640 1716; x_wconf 88' lang='lat' dir='ltr'>principium</span> <span class='ocrx_word' id='word_1_222' title='bbox 663 1667 855 1715; x_wconf 68' lang='lat' dir='ltr'>mentula,</span> <span class='ocrx_word' id='word_1_223' title='bbox 882 1669 1156 1718; x_wconf 81' lang='lat' dir='ltr'>cuteseparata,</span> <span class='ocrx_word' id='word_1_224' title='bbox 1182 1673 1670 1724; x_wconf 81' lang='lat' dir='ltr'>conspiciturcorpusalbum</span> 
     </span>
     <span class='ocr_line' id='line_1_26' title="bbox 97 1714 1769 1770; baseline 0.007 -15"><span class='ocrx_word' id='word_1_225' title='bbox 97 1718 141 1767; x_wconf 74' lang='lat' dir='ltr'><em>f</em></span> <span class='ocrx_word' id='word_1_226' title='bbox 137 1729 179 1769; x_wconf 79' lang='lat'>5.</span> <span class='ocrx_word' id='word_1_227' title='bbox 186 1716 242 1756; x_wconf 85' lang='lat' dir='ltr'>lit.</span> <span class='ocrx_word' id='word_1_228' title='bbox 251 1716 270 1755; x_wconf 91' lang='lat' dir='ltr'>b</span> <span class='ocrx_word' id='word_1_229' title='bbox 282 1719 454 1764; x_wconf 87' lang='lat' dir='ltr'>utrinqve</span> <span class='ocrx_word' id='word_1_230' title='bbox 464 1714 860 1766; x_wconf 85' lang='lat' dir='ltr'>oblongum,intusqve</span> <span class='ocrx_word' id='word_1_231' title='bbox 867 1716 1178 1766; x_wconf 88' lang='lat' dir='ltr'>cavum,formam</span> <span class='ocrx_word' id='word_1_232' title='bbox 1186 1718 1339 1769; x_wconf 79' lang='lat' dir='ltr'>testiculi</span> <span class='ocrx_word' id='word_1_233' title='bbox 1349 1723 1667 1770; x_wconf 77' lang='lat' dir='ltr'>exhibens3adhae-</span> <span class='ocrx_word' id='word_1_234' title='bbox 1680 1725 1698 1756; x_wconf 71' lang='grc' dir='ltr'>Ε</span> <span class='ocrx_word' id='word_1_235' title='bbox 1707 1724 1769 1765; x_wconf 76' lang='lat' dir='ltr'>5.b.</span> 
     </span>
     <span class='ocr_line' id='line_1_27' title="bbox 106 1765 1668 1817; baseline 0.006 -11"><span class='ocrx_word' id='word_1_236' title='bbox 106 1780 162 1806; x_wconf 92' lang='lat' dir='ltr'>ret</span> <span class='ocrx_word' id='word_1_237' title='bbox 178 1766 349 1805; x_wconf 82' lang='lat' dir='ltr'>mentulae</span> <span class='ocrx_word' id='word_1_238' title='bbox 367 1767 521 1815; x_wconf 87' lang='lat' dir='ltr'>corpori</span> <span class='ocrx_word' id='word_1_239' title='bbox 538 1765 790 1815; x_wconf 87' lang='lat' dir='ltr'>cartilagineo.</span> <span class='ocrx_word' id='word_1_240' title='bbox 846 1768 931 1804; x_wconf 91' lang='lat' dir='ltr'>Pars</span> <span class='ocrx_word' id='word_1_241' title='bbox 947 1767 1115 1817; x_wconf 86' lang='lat' dir='ltr'>superior</span> <span class='ocrx_word' id='word_1_242' title='bbox 1139 1771 1247 1807; x_wconf 88' lang='lat' dir='ltr'>variis</span> <span class='ocrx_word' id='word_1_243' title='bbox 1265 1771 1368 1810; x_wconf 86' lang='lat' dir='ltr'>fibris</span> <span class='ocrx_word' id='word_1_244' title='bbox 1383 1774 1490 1812; x_wconf 84' lang='lat' dir='ltr'>affixa</span> <span class='ocrx_word' id='word_1_245' title='bbox 1501 1776 1550 1814; x_wconf 86' lang='lat' dir='ltr'>est</span> <span class='ocrx_word' id='word_1_246' title='bbox 1562 1788 1668 1814; x_wconf 85' lang='lat' dir='ltr'>men-</span> 
     </span>
     <span class='ocr_line' id='line_1_28' title="bbox 106 1813 1672 1873; baseline 0.006 -18"><span class='ocrx_word' id='word_1_247' title='bbox 106 1817 188 1855; x_wconf 65' lang='lat' dir='ltr'>tulas</span> <span class='ocrx_word' id='word_1_248' title='bbox 206 1815 401 1857; x_wconf 77' lang='lat' dir='ltr'>musculi83</span> <span class='ocrx_word' id='word_1_249' title='bbox 434 1814 555 1853; x_wconf 87' lang='lat' dir='ltr'>media</span> <span class='ocrx_word' id='word_1_250' title='bbox 577 1813 830 1853; x_wconf 85' lang='lat' dir='ltr'>subtilioribus</span> <span class='ocrx_word' id='word_1_251' title='bbox 853 1828 994 1854; x_wconf 85' lang='lat' dir='ltr'>annexa</span> <span class='ocrx_word' id='word_1_252' title='bbox 1012 1816 1176 1867; x_wconf 87' lang='lat' dir='ltr'>fibrillis,</span> <span class='ocrx_word' id='word_1_253' title='bbox 1194 1823 1346 1871; x_wconf 89' lang='lat' dir='ltr'>corpori</span> <span class='ocrx_word' id='word_1_254' title='bbox 1364 1822 1604 1873; x_wconf 85' lang='lat' dir='ltr'>cartilagineo</span> <span class='ocrx_word' id='word_1_255' title='bbox 1633 1825 1672 1865; x_wconf 70' lang='grc' dir='ltr'>ὅτ</span> 
     </span>
     <span class='ocr_line' id='line_1_29' title="bbox 105 1864 1672 1923; baseline 0.005 -18"><span class='ocrx_word' id='word_1_256' title='bbox 105 1869 226 1918; x_wconf 82' lang='lat' dir='ltr'>pinnae</span> <span class='ocrx_word' id='word_1_257' title='bbox 241 1867 302 1905; x_wconf 91' lang='lat' dir='ltr'>ani</span> <span class='ocrx_word' id='word_1_258' title='bbox 322 1876 520 1911; x_wconf 84' lang='lat' dir='ltr'>extremae,</span> <span class='ocrx_word' id='word_1_259' title='bbox 552 1865 614 1902; x_wconf 91' lang='lat' dir='ltr'>cui</span> <span class='ocrx_word' id='word_1_260' title='bbox 641 1864 828 1903; x_wconf 88' lang='lat' dir='ltr'>incumbit</span> <span class='ocrx_word' id='word_1_261' title='bbox 847 1879 857 1909; x_wconf 84' lang='lat'><em>3</em></span> <span class='ocrx_word' id='word_1_262' title='bbox 910 1865 1036 1904; x_wconf 89' lang='lat' dir='ltr'>infima</span> <span class='ocrx_word' id='word_1_263' title='bbox 1056 1879 1147 1905; x_wconf 90' lang='lat' dir='ltr'>vero</span> <span class='ocrx_word' id='word_1_264' title='bbox 1162 1869 1320 1908; x_wconf 82' lang='lat' dir='ltr'>testiculi</span> <span class='ocrx_word' id='word_1_265' title='bbox 1339 1883 1421 1921; x_wconf 88' lang='lat' dir='ltr'>pars</span> <span class='ocrx_word' id='word_1_266' title='bbox 1440 1885 1609 1923; x_wconf 85' lang='lat' dir='ltr'>apertura</span> <span class='ocrx_word' id='word_1_267' title='bbox 1631 1877 1672 1914; x_wconf 88' lang='lat' dir='ltr'>in</span> 
     </span>
     <span class='ocr_line' id='line_1_30' title="bbox 105 1912 1672 1964; baseline 0.005 -9"><span class='ocrx_word' id='word_1_268' title='bbox 105 1913 399 1956; x_wconf 86' lang='lat' dir='ltr'>semi-canalem</span> <span class='ocrx_word' id='word_1_269' title='bbox 422 1912 702 1963; x_wconf 86' lang='lat' dir='ltr'>cartilagineum</span> <span class='ocrx_word' id='word_1_270' title='bbox 721 1927 897 1964; x_wconf 82' lang='lat' dir='ltr'>magnum</span> <span class='ocrx_word' id='word_1_271' title='bbox 916 1915 1061 1954; x_wconf 87' lang='lat' dir='ltr'>hiatum</span> <span class='ocrx_word' id='word_1_272' title='bbox 1079 1916 1203 1955; x_wconf 89' lang='lat' dir='ltr'>habet.</span> <span class='ocrx_word' id='word_1_273' title='bbox 1256 1921 1296 1957; x_wconf 88' lang='lat' dir='ltr'>In</span> <span class='ocrx_word' id='word_1_274' title='bbox 1311 1921 1349 1958; x_wconf 87' lang='lat' dir='ltr'>su</span> <span class='ocrx_word' id='word_1_275' title='bbox 1378 1923 1493 1960; x_wconf 90' lang='lat' dir='ltr'>eriori</span> <span class='ocrx_word' id='word_1_276' title='bbox 1511 1923 1672 1962; x_wconf 79' lang='lat' dir='ltr'>testiculi</span> 
     </span>
     <span class='ocr_line' id='line_1_31' title="bbox 104 1963 1671 2023; baseline 0.004 -18"><span class='ocrx_word' id='word_1_277' title='bbox 104 1979 209 2018; x_wconf 88' lang='lat' dir='ltr'>parte</span> <span class='ocrx_word' id='word_1_278' title='bbox 227 1963 324 2004; x_wconf 89' lang='lat' dir='ltr'>nulla</span> <span class='ocrx_word' id='word_1_279' title='bbox 342 1963 492 2013; x_wconf 74' lang='lat' dir='ltr'>vestigia</span> <span class='ocrx_word' id='word_1_280' title='bbox 510 1966 864 2002; x_wconf 85' lang='lat' dir='ltr'>communicationis</span> <span class='ocrx_word' id='word_1_281' title='bbox 882 1977 970 2002; x_wconf 90' lang='lat' dir='ltr'>cum</span> <span class='ocrx_word' id='word_1_282' title='bbox 992 1965 1141 2004; x_wconf 88' lang='lat' dir='ltr'>renibus</span> <span class='ocrx_word' id='word_1_283' title='bbox 1152 1966 1209 2004; x_wconf 93' lang='lat' dir='ltr'>vel</span> <span class='ocrx_word' id='word_1_284' title='bbox 1228 1968 1347 2008; x_wconf 90' lang='lat' dir='ltr'>veficu</span> <span class='ocrx_word' id='word_1_285' title='bbox 1365 1972 1395 2009; x_wconf 89' lang='lat' dir='ltr'>is</span> <span class='ocrx_word' id='word_1_286' title='bbox 1419 1972 1671 2023; x_wconf 86' lang='lat' dir='ltr'>seminalibus,</span> 
     </span>
     <span class='ocr_line' id='line_1_32' title="bbox 105 2013 1669 2070; baseline 0.005 -15"><span class='ocrx_word' id='word_1_287' title='bbox 105 2017 242 2055; x_wconf 85' lang='lat' dir='ltr'>Artedo</span> <span class='ocrx_word' id='word_1_288' title='bbox 252 2024 284 2064; x_wconf 86' lang='lat' dir='ltr'>p.</span> <span class='ocrx_word' id='word_1_289' title='bbox 301 2014 368 2052; x_wconf 77' lang='lat'><em>106.</em></span> <span class='ocrx_word' id='word_1_290' title='bbox 386 2025 417 2049; x_wconf 90' lang='lat' dir='ltr'>n.</span> <span class='ocrx_word' id='word_1_291' title='bbox 436 2025 500 2060; x_wconf 86' lang='lat'>22,</span> <span class='ocrx_word' id='word_1_292' title='bbox 527 2025 595 2051; x_wconf 88' lang='lat' dir='ltr'>nec</span> <span class='ocrx_word' id='word_1_293' title='bbox 612 2013 814 2062; x_wconf 71' lang='lat' dir='ltr'>injeffione</span> <span class='ocrx_word' id='word_1_294' title='bbox 832 2026 900 2051; x_wconf 91' lang='lat' dir='ltr'>nec</span> <span class='ocrx_word' id='word_1_295' title='bbox 918 2015 1006 2053; x_wconf 87' lang='lat' dir='ltr'>flatu</span> <span class='ocrx_word' id='word_1_296' title='bbox 1025 2017 1185 2054; x_wconf 89' lang='lat' dir='ltr'>inveniri</span> <span class='ocrx_word' id='word_1_297' title='bbox 1194 2029 1366 2067; x_wconf 89' lang='lat' dir='ltr'>poterant</span> <span class='ocrx_word' id='word_1_298' title='bbox 1379 2051 1391 2070; x_wconf 85' lang='lat'>‚</span> <span class='ocrx_word' id='word_1_299' title='bbox 1414 2021 1534 2060; x_wconf 86' lang='lat' dir='ltr'>adeffe</span> <span class='ocrx_word' id='word_1_300' title='bbox 1543 2033 1669 2062; x_wconf 86' lang='lat' dir='ltr'>tamen</span> 
     </span>
     <span class='ocr_line' id='line_1_33' title="bbox 104 2062 1747 2122; baseline 0.005 -18"><span class='ocrx_word' id='word_1_301' title='bbox 104 2065 264 2116; x_wconf 80' lang='lat' dir='ltr'>possunt.</span> <span class='ocrx_word' id='word_1_302' title='bbox 336 2062 530 2100; x_wconf 73' lang='lat' dir='ltr'>‘resticulo</span> <span class='ocrx_word' id='word_1_303' title='bbox 548 2074 677 2113; x_wconf 85' lang='lat' dir='ltr'>aperto</span> <span class='ocrx_word' id='word_1_304' title='bbox 683 2062 724 2111; x_wconf 89' lang='lat' dir='ltr'>f.</span> <span class='ocrx_word' id='word_1_305' title='bbox 740 2065 771 2101; x_wconf 66' lang='grc' dir='ltr'><strong>ἄ</strong></span> <span class='ocrx_word' id='word_1_306' title='bbox 794 2062 883 2101; x_wconf 83' lang='lat' dir='ltr'>Tab.</span> <span class='ocrx_word' id='word_1_307' title='bbox 904 2064 961 2113; x_wconf 89' lang='lat' dir='ltr'>V.,</span> <span class='ocrx_word' id='word_1_308' title='bbox 990 2077 1058 2112; x_wconf 88' lang='lat' dir='ltr'>qva</span> <span class='ocrx_word' id='word_1_309' title='bbox 1080 2077 1183 2116; x_wconf 89' lang='lat' dir='ltr'>parte</span> <span class='ocrx_word' id='word_1_310' title='bbox 1202 2069 1372 2107; x_wconf 82' lang='lat' dir='ltr'>mentulae</span> <span class='ocrx_word' id='word_1_311' title='bbox 1391 2071 1573 2122; x_wconf 78' lang='lat' dir='ltr'>adhaeret,</span> <span class='ocrx_word' id='word_1_312' title='bbox 1626 2074 1666 2111; x_wconf 87' lang='lat' dir='ltr'>in</span> <span class='ocrx_word' id='word_1_313' title='bbox 1690 2082 1747 2114; x_wconf 82' lang='lat' dir='ltr'><strong>f.6.</strong></span> 
     </span>
     <span class='ocr_line' id='line_1_34' title="bbox 105 2111 1670 2170; baseline 0.004 -16"><span class='ocrx_word' id='word_1_314' title='bbox 105 2116 196 2154; x_wconf 87' lang='lat' dir='ltr'>duas</span> <span class='ocrx_word' id='word_1_315' title='bbox 214 2115 344 2166; x_wconf 90' lang='lat' dir='ltr'>sponte</span> <span class='ocrx_word' id='word_1_316' title='bbox 361 2111 597 2151; x_wconf 89' lang='lat' dir='ltr'>dividebatur</span> <span class='ocrx_word' id='word_1_317' title='bbox 615 2112 767 2152; x_wconf 86' lang='lat' dir='ltr'>laminas</span> <span class='ocrx_word' id='word_1_318' title='bbox 781 2144 793 2163; x_wconf 89' lang='lat'>,</span> <span class='ocrx_word' id='word_1_319' title='bbox 839 2126 916 2162; x_wconf 84' lang='lat' dir='ltr'>qvae</span> <span class='ocrx_word' id='word_1_320' title='bbox 940 2116 1138 2153; x_wconf 89' lang='lat' dir='ltr'>cavitatem</span> <span class='ocrx_word' id='word_1_321' title='bbox 1162 2116 1246 2156; x_wconf 89' lang='lat' dir='ltr'>satis</span> <span class='ocrx_word' id='word_1_322' title='bbox 1268 2119 1429 2170; x_wconf 87' lang='lat' dir='ltr'>amplam</span> <span class='ocrx_word' id='word_1_323' title='bbox 1446 2118 1670 2161; x_wconf 88' lang='lat' dir='ltr'>formabant.</span> 
     </span>
     <span class='ocr_line' id='line_1_35' title="bbox 104 2159 1670 2218; baseline 0.004 -14"><span class='ocrx_word' id='word_1_324' title='bbox 104 2166 261 2205; x_wconf 87' lang='lat' dir='ltr'>Lamina</span> <span class='ocrx_word' id='word_1_325' title='bbox 297 2159 454 2200; x_wconf 88' lang='lat' dir='ltr'>inferior</span> <span class='ocrx_word' id='word_1_326' title='bbox 481 2164 631 2212; x_wconf 86' lang='lat' dir='ltr'>pinnam</span> <span class='ocrx_word' id='word_1_327' title='bbox 661 2174 791 2213; x_wconf 88' lang='lat' dir='ltr'>tegens</span> <span class='ocrx_word' id='word_1_328' title='bbox 823 2162 923 2201; x_wconf 88' lang='lat' dir='ltr'>aliud</span> <span class='ocrx_word' id='word_1_329' title='bbox 947 2164 1068 2202; x_wconf 88' lang='lat' dir='ltr'>adhuc</span> <span class='ocrx_word' id='word_1_330' title='bbox 1096 2163 1248 2206; x_wconf 86' lang='lat' dir='ltr'>fovebat</span> <span class='ocrx_word' id='word_1_331' title='bbox 1273 2181 1411 2218; x_wconf 87' lang='lat' dir='ltr'>corpus</span> <span class='ocrx_word' id='word_1_332' title='bbox 1436 2170 1670 2211; x_wconf 85' lang='lat' dir='ltr'>sub-album</span> 
     </span>
     <span class='ocr_line' id='line_1_36' title="bbox 106 2210 1740 2272; baseline 0.001 -20"><span class='ocrx_word' id='word_1_333' title='bbox 106 2213 162 2253; x_wconf 89' lang='lat' dir='ltr'>lit.</span> <span class='ocrx_word' id='word_1_334' title='bbox 176 2227 231 2263; x_wconf 82' lang='lat' dir='ltr'>a.‚</span> <span class='ocrx_word' id='word_1_335' title='bbox 272 2210 449 2260; x_wconf 77' lang='lat' dir='ltr'>glandulae</span> <span class='ocrx_word' id='word_1_336' title='bbox 467 2212 576 2252; x_wconf 85' lang='lat' dir='ltr'>instar</span> <span class='ocrx_word' id='word_1_337' title='bbox 600 2212 771 2262; x_wconf 83' lang='lat' dir='ltr'>oblongae</span> <span class='ocrx_word' id='word_1_338' title='bbox 784 2244 795 2263; x_wconf 88' lang='lat'>,</span> <span class='ocrx_word' id='word_1_339' title='bbox 833 2212 992 2251; x_wconf 83' lang='lat' dir='ltr'>vasculis</span> <span class='ocrx_word' id='word_1_340' title='bbox 1011 2216 1177 2252; x_wconf 90' lang='lat' dir='ltr'>minimis</span> <span class='ocrx_word' id='word_1_341' title='bbox 1193 2230 1303 2268; x_wconf 81' lang='lat' dir='ltr'>qvam</span> <span class='ocrx_word' id='word_1_342' title='bbox 1320 2219 1493 2270; x_wconf 74' lang='lat' dir='ltr'>plurimis</span> <span class='ocrx_word' id='word_1_343' title='bbox 1511 2220 1669 2272; x_wconf 55' lang='lat' dir='ltr'>foetumj</span> <span class='ocrx_word' id='word_1_344' title='bbox 1713 2226 1740 2259; x_wconf 65' lang='lat' dir='ltr'>ag</span> 
     </span>
     <span class='ocr_line' id='line_1_37' title="bbox 105 2260 1743 2369; baseline -0.001 -64"><span class='ocrx_word' id='word_1_345' title='bbox 105 2263 208 2306; x_wconf 79' lang='lat' dir='ltr'>forte</span> <span class='ocrx_word' id='word_1_346' title='bbox 227 2262 378 2305; x_wconf 84' lang='lat' dir='ltr'>officina</span> <span class='ocrx_word' id='word_1_347' title='bbox 393 2260 556 2302; x_wconf 84' lang='lat' dir='ltr'>seminis.</span> <span class='ocrx_word' id='word_1_348' title='bbox 606 2265 782 2315; x_wconf 88' lang='lat' dir='ltr'>Superior</span> <span class='ocrx_word' id='word_1_349' title='bbox 801 2262 937 2362; x_wconf 52' lang='grc' dir='ltr'>Ιαῐῃέιὲῗ</span> <span class='ocrx_word' id='word_1_350' title='bbox 950 2261 1005 2301; x_wconf 84' lang='lat' dir='ltr'>lit.</span> <span class='ocrx_word' id='word_1_351' title='bbox 1021 2262 1052 2303; x_wconf 87' lang='lat' dir='ltr'>b.</span> <span class='ocrx_word' id='word_1_352' title='bbox 1072 2263 1182 2304; x_wconf 82' lang='lat' dir='ltr'>laevis.</span> <span class='ocrx_word' id='word_1_353' title='bbox 1459 2318 1478 2369; x_wconf 74' lang='lat'>§</span> <span class='ocrx_word' id='word_1_354' title='bbox 1713 2265 1743 2296; x_wconf 82' lang='lat' dir='ltr'>b·</span> 
     </span>
    </p>
   </div>
  </div>
 </body>
</html>
