2504 3213
478 129 835 173 OCCULTAS
861 129 1323 173 SPIRANTIBUS.
1639 136 1693 177 45

487 234 662 273 delineari
679 230 849 271 fecimus.
955 234 1096 281 Matre,
1132 245 1210 282 qvae
1231 231 1366 272 foetuin
1383 231 1468 271 tulit
1484 263 1495 280 ‚
1529 231 1694 272 destituti

486 295 594 322 certo
615 283 862 320 determinare
876 294 953 320 non
969 282 1160 331 possumus
1173 313 1183 331 ‚
1207 283 1312 329 cujus
1328 281 1369 322 fit
1396 283 1542 333 speciei.
1623 284 1693 319 Su-

483 344 570 383 pera
590 332 702 370 cauda
719 330 795 369 fere
806 343 883 368 tota
898 332 933 370 <St
944 344 1012 379 qva
1029 343 1171 382 partem
1188 332 1283 370 dorfi
1300 331 1495 382 pisciculus
1509 330 1694 368 aculeatus

483 381 642 419 videtur.
693 379 802 418 Conf.
814 381 1028 419 Caniculam
1040 381 1246 419 Aristotelis
1256 394 1343 419 cum
1356 379 1525 419 folliculo
1536 381 1570 419 ἃ
1580 378 1696 431 capil-

483 430 654 469 lamentis
663 429 760 480 apud
773 427 953 468 Rondelet.
969 439 1003 480 p.
1014 437 1098 480 380.
1115 430 1151 468 ἀ
1167 430 1387 481 Bonffiietum
1403 440 1437 480 p.
1456 431 1530 469 162.

259 529 294 567 1)
332 531 363 559 In
379 530 448 568 pisce
463 532 596 560 Centrinae
610 530 686 558 simili
703 529 849 559 Stenom'us
864 532 914 559 all.
931 532 985 559 loco
1000 532 1101 569 pariter
1118 532 1242 561 ovarium
1260 532 1288 560 in
1304 538 1419 570 utroqve
1434 531 1516 560 latere
1541 539 1629 559 unum
1646 525 1697 557 ob-

339 581 465 614 servavit,
488 593 592 621 ovaqve
606 592 724 622 magna,
747 582 911 613 mediocria,
933 583 1061 614 minima,
1087 581 1147 612 alba
1163 601 1170 614 .
1193 583 1482 621 aqveafflavescentia,
1500 579 1630 612 rotunda,
1646 578 1698 608 ob-

340 635 423 674 longa
435 655 441 666 ‚
460 635 552 663 multis
571 635 719 663 tuberculis
734 635 890 673 inaeqvalia3
937 634 1004 663 item
1019 633 1182 663 ovidue’tum
1195 635 1350 674 geminum.
1397 636 1516 672 Uterqve
1531 631 1698 663 ovidufluh

340 684 387 712 ubi
403 683 449 712 sub
473 684 569 722 hepate
585 682 617 711 ad
637 682 816 723 diaphragma
832 691 989 721 pervenerat
1005 683 1139 722 heparqvc
1153 686 1223 713 inter
1236 683 1450 723 &diaphragma
1459 681 1631 712 adscenderat
1639 688 1699 710 vct-

339 734 382 764 sus
405 736 529 764 inferiora
565 735 680 764 reflexus
704 734 800 764 media:
828 733 985 763 abdominis
1006 735 1082 763 lineae
1102 744 1136 763 eo
1153 735 1242 764 modo
1263 734 1478 765 annectebatur.
1516 741 1547 762 ut
1561 731 1697 761 fluitantia

337 786 367 813 in
386 785 537 813 abdomine
558 794 610 813 ova
624 784 791 813 infundibuli
807 774 906 811 ollium
923 785 1044 821 excipere
1052 782 1143 820 possit.
1159 788 1286 824 Rajaqve
1296 780 1620 812 oviduHussimilimodo
1630 788 1698 809 con-

338 834 470 863 formatos
485 833 535 862 esse
548 832 642 863 credit.
697 835 773 862 Parte
788 831 915 861 inferiore
928 831 1112 861 oviduetuum
1126 831 1252 864 diffeffl,
1282 831 1373 870 liqvor
1385 832 1463 861 albus
1477 831 1584 860 effluxit
1599 850 1609 861 ‚
1650 829 1696 857 cui

339 896 451 924 corpora
467 884 587 924 qvaedam
606 886 689 924 longa
705 905 715 916 ‚
760 895 812 914 nec
826 884 945 914 multum
968 883 1050 913 crassa
1073 882 1251 916 innatabant,
1285 884 1313 912 in
1335 880 1622 923 qvibusjeorporibus
1636 889 1695 909 non

337 940 478 978 qvicqvam
493 936 576 968 vidit,
604 944 700 975 praeter
718 935 794 964 binas
808 937 931 967 tunicas,
949 945 1063 974 qvarum
1080 937 1200 964 exterior
1214 936 1313 976 rugola
1329 935 1357 964 ἃ
1372 935 1469 968 crassa,
1493 935 1609 963 interior
1622 932 1696 961 laevis

335 990 363 1019 δι
383 991 498 1018 humore
512 987 660 1025 crystallino
676 988 776 1026 plena:
817 986 965 1026 eademqve
984 995 1103 1025 corpora
1127 996 1177 1025 pro
1198 988 1256 1017 ovis
1270 985 1384 1016 habuit»
1409 986 1438 1015 in
1454 984 1551 1026 qvibus
1565 992 1614 1013 nee
1627 981 1697 1011 dum

336 1042 391 1070 ulla
409 1041 489 1070 foetus
506 1039 654 1068 delineatio
671 1039 788 1078 pera-fta.
841 1039 919 1068 Plura
934 1037 1007 1078 apud
1015 1045 1160 1068 Amnem.

254 1110 304 1147 ἡ)
348 1111 481 1140 uterum,
504 1105 654 1135 ventriculo
671 1105 795 1134 anserino
813 1104 886 1134 haud
905 1104 1078 1137 dissimilem,
1109 1104 1143 1133 sic
1165 1104 1336 1135 invenimus,
1366 1109 1451 1142 prout
1469 1101 1594 1131 laudatus
1603 1105 1697 1130 Steno-

334 1158 399 1188 m'us
415 1166 524 1188 uterum
539 1159 608 1193 Rajae
624 1157 651 1184 in
665 1153 841 1195 epIstolafiea
855 1157 970 1197 allegata
987 1154 1120 1193 descripfit
1135 1174 1143 1187 ,
1171 1165 1204 1183 ex
1226 1154 1327 1192 duplici
1344 1153 1488 1183 substantia
1504 1151 1694 1183 constantem}

335 1212 470 1240 exteriore
486 1208 633 1239 albicante,
656 1208 921 1237 interiorecineritia.
984 1210 1076 1236 Totus
1088 1207 1139 1235 suit
1148 1205 1334 1237 musculosus,
1356 1209 1433 1242 cujus
1449 1212 1541 1233 tamen
1568 1203 1642 1233 fibrae
1658 1207 1696 1234 ita

334 1266 410 1288 erant
437 1257 585 1288 emollitae,
613 1256 682 1284 forte
698 1254 732 1284 ab
747 1265 817 1294 aqva
835 1258 938 1285 marina
954 1257 982 1285 δι
999 1256 1049 1286 lale
1063 1267 1118 1296 qvo
1133 1255 1246 1285 condita
1264 1255 1376 1284 fuerunt
1391 1256 1505 1286 omnia,
1535 1261 1565 1282 ut
1580 1252 1694 1284 dii-effic

331 1309 440 1339 illarum
455 1306 492 1335 ob
508 1305 729 1335 dilacerationem
745 1306 914 1344 repentinam
930 1306 1086 1346 investigari
1102 1305 1174 1335 haud
1192 1307 1331 1344 potuerit3
1376 1306 1451 1333 intus
1464 1314 1547 1333 cavus
1561 1304 1695 1335 membra-

332 1369 419 1398 naqve
435 1356 574 1386 obduetus
585 1375 593 1389 ‚
615 1365 673 1393 qvoe
688 1362 747 1384 tota
764 1363 864 1394 qvanta
878 1355 980 1385 viscido
996 1355 1176 1396 glutinoso&
1192 1355 1406 1394 pinguiinfesta.
1453 1355 1556 1394 Vagina
1574 1354 1604 1393 s)
1613 1365 1693 1393 qvam

332 1407 466 1438 diximus,
488 1405 566 1443 plena
582 1403 632 1431 fuit
646 1403 749 1441 papillis
757 1413 805 1442 per
820 1404 903 1434 lineas
916 1405 1050 1444 parallelas
1060 1424 1067 1436 ‚
1088 1403 1236 1432 secundum
1251 1402 1460 1442 longitudinem
1472 1402 1614 1441 dispositis.

250 1477 320 1518 ffi)
363 1469 509 1502 Stenom'us
525 1469 677 1498 folliculum
694 1470 809 1507 appellat
821 1489 829 1501 ‚
851 1471 976 1499 testulam
991 1480 1000 1502 3
1039 1471 1074 1498 ess
1096 1477 1207 1502 autem,
1229 1476 1312 1508 prout
1328 1468 1466 1501 diximus,
1484 1468 1634 1497 substantiae
1643 1477 1694 1508 po-

331 1526 385 1553 tius
401 1530 507 1550 corneae
522 1519 562 1546 vel
580 1517 742 1547 tenacissimi
756 1520 824 1549 corii
836 1521 975 1557 praeparati
988 1539 996 1551 ,
1020 1518 1094 1558 qvod
1111 1526 1320 1558 pergamentum
1337 1518 1437 1548 dicitur
1458 1527 1466 1553 ;
1516 1519 1545 1547 &
1561 1521 1692 1547 miramur

335 1572 473 1603 cumillo,
493 1565 704 1601 Rondeleeium,
728 1572 887 1601 Gesnerusn,
896 1570 1069 1605 Jonstonum‚
1078 1568 1160 1604 (adde
1169 1566 1333 1603 Bellonium)
1349 1567 1504 1606 simpliciter
1516 1567 1587 1596 adeo
1602 1568 1629 1596 &
1645 1566 1692 1597 ab·

331 1623 419 1652 solute
434 1617 618 1658 pronuntiasse
632 1626 726 1645 uteros
734 1616 872 1647 folliculos
885 1620 968 1650 tales3
1011 1628 1079 1656 qvos
1094 1616 1231 1655 ejusmodi
1247 1616 1330 1655 pisces
1345 1627 1408 1645 cum
1425 1625 1504 1655 partu
1520 1616 1643 1646 exclusos
1652 1627 1692 1645 re-

327 1671 414 1713 jecisse
431 1671 563 1709 seqvitur,
587 1665 660 1706 qvod
678 1666 827 1705 sreqventes
838 1667 872 1696 ad
886 1669 966 1697 maris
982 1669 1073 1696 littora
1083 1671 1207 1705 Rajarnm
1218 1668 1339 1705 inprimis
1357 1667 1390 1695 sic
1409 1667 1593 1696 diciaetellulae
1602 1667 1693 1697 visun.

330 1732 376 1754 tur
390 1731 482 1751 vacuae
496 1720 523 1748 &
539 1720 647 1750 inanes,
670 1718 788 1757 figuram
804 1719 954 1759 recianguli
973 1719 1090 1758 oblongi
1106 1720 1303 1757 exprimentes,
1323 1721 1400 1755 cujus
1416 1729 1474 1757 qvae
1487 1720 1615 1758 longiora
1625 1721 1692 1747 late·

329 1786 374 1806 ra,
400 1783 458 1802 non
474 1771 544 1800 secus
557 1780 588 1798 ac
601 1771 628 1798 in
640 1767 781 1807 Sandapila
791 1788 799 1801 ,
823 1772 949 1810 utrinqve
962 1771 1210 1810 parallelogrammi
1224 1776 1299 1799 extra
1314 1768 1481 1809 superficiem
1497 1770 1558 1799 sunt
1573 1769 1691 1803 extensu

329 1829 413 1867 prout
429 1820 591 1862 hujusmodi
608 1821 795 1850 folliculorum
809 1823 930 1864 figuram
945 1821 1070 1852 describit
1079 1820 1235 1850 stemnius.

773 1980 804 2031 §.
830 1980 1033 2018 xxxvi.

222 2075 338 2131 Qod
356 2073 540 2122 reliqvum
558 2069 608 2108 est
620 2104 632 2121 ,
673 2070 891 2124 opinamur,
929 2081 1006 2107 non
1027 2067 1205 2107 omnibus
1222 2067 1346 2107 Galeis
1362 2079 1479 2107 unum
1501 2067 1683 2106 cundem-d

123 2142 195 2180 qve
216 2132 286 2168 este
304 2124 461 2164 modum
479 2132 610 2158 naturae
626 2135 701 2171 qvo
716 2121 828 2160 foetus
856 2120 940 2158 suos
959 2117 1108 2156 foveant
1131 2119 1166 2157 ἃ
1188 2118 1409 2162 excludant5
1470 2116 1683 2156 conferatur

123 2179 272 2219 Catulus
283 2174 389 2214 Galei
399 2172 564 2218 Asteriae,
583 2169 653 2210 five
664 2168 972 2210 Muflclistellaris
983 2167 1040 2205 vel
1054 2170 1143 2206 varii
1172 2167 1262 2207 Tab.
1276 2168 1351 2216 Lfi
1367 2179 1401 2215 7.
1431 2169 1494 2215 qvi
1511 2166 1682 2206 funiculo

122 2218 844 2270 umbilicali&saccu10(an1ecundinis?)
869 2216 1065 2318 iizfllrudius
1081 2218 1168 2272 est3*
1203 2231 1292 2258 cum
1309 2216 1424 2259 limile
1443 2217 1533 2267 qvid
1553 2220 1592 2256 in
1608 2215 1680 2255 soe-

943 2273 962 2318 )
989 2279 1010 2317 3
1160 2277 1166 2286 ”
1636 2277 1678 2306 ω
