2504 3213
740 113 766 152 6

1042 112 1124 154 DE
1159 109 1453 153 PISCIBUS
1488 110 1617 152 PER
1647 111 2044 156 BRANCHIAS

739 218 766 256 1.
803 216 1224 257 CYNOCEPHALUS.

872 1069 901 1101 a)

871 1481 903 1517 b)

1045 289 1145 329 unde
1162 283 1590 338 Aristotstmexago'cloqa:
1643 287 1835 338 animalia,
1862 288 1996 338 qvibus
2021 293 2119 330 acuti
2145 290 2310 343 pefflina-

1043 343 1187 388 tiinqve
1202 343 1383 377 coeuntes
1400 338 1541 376 dentes.
1593 338 1765 388 Tiburo,
1782 341 1909 377 Lamia
1921 371 1931 388 ‚
1947 343 2098 389 Lamna,
2116 345 2310 382 Amorum,-

1046 388 1197 429 conser:
1232 385 1423 437 Willughb.
1438 397 1473 437 p.
1490 398 1552 438 47.
1570 387 1607 426 ἃ
1625 391 1696 426 Du.
1715 390 1818 427 Hans
1834 388 1959 428 Slomze
1974 392 2019 429 H.
2039 391 2195 434 Jamaic.
2210 393 2236 429 Ι.
2249 404 2310 441 24.

1046 442 1121 479 Bos
1141 438 1307 478 bellua&
1323 437 1487 476 canicula
1497 439 1538 477 P.
1556 437 1660 483 Jovii
1670 440 1711 477 (ie
1727 452 1813 477 rom.
1830 439 1910 490 pist.
1923 450 1995 489 cap.
2016 442 2083 479 ΙΙΙ.
2109 450 2146 485 a)
2199 445 2312 490 qua-

1042 490 1101 529 lus
1125 489 1239 528 dorso
1264 488 1376 540 plano
1430 487 1473 534 b)
1526 488 1700 527 dentibus
1735 490 1903 540 pluribus
1937 491 1982 528 ad
2007 490 2115 530 latera
2143 491 2311 539 serratis,

1047 541 1183 580 Artecii
1233 546 1283 585 c).
1336 536 1538 587 Scalzgero,
1555 539 1731 578 Bochai-to
1749 570 1760 588 ‚
1795 538 1901 588 aliis,
1940 541 2069 590 piscis,
2096 543 2159 591 qvi
2176 544 2312 587 jonam

1048 589 1280 640 Prophetam
1304 589 1512 636 voraverit,
1539 588 1653 626 audit.
1705 592 1843 639 Integri
1861 592 1969 640 piscis
1985 602 2194 629 accuratam
2216 592 2312 640 figu-

1047 653 1128 679 ram
1146 638 1277 677 nullibi
1293 638 1535 676 offendimus,
1589 639 1743 677 Gesneri
1752 670 1762 687 ,
1788 652 1898 688 qvam
1915 639 2019 677 dedit
2036 671 2046 690 ,
2081 641 2197 690 figura
2215 641 2312 679 arbi-

1048 692 1158 728 traria
1176 690 1248 733 est3
1302 701 1421 738 neqvc
1437 685 1661 726 Aldrovandi
1677 689 1805 739 figuris
1817 689 1931 728 fidem
1952 688 2155 729 habeamus
2169 722 2180 740 ,
2208 691 2231 729 fi
2254 689 2313 728 vel

1047 741 1168 791 capita
1186 740 1345 790 piscium
1361 736 1602 776 conferantur
1619 752 1706 778 cum
1726 741 1862 778 Lamia?
1872 741 2013 790 capite,
2040 739 2134 778 facie
2143 740 2313 789 ricluqve

1049 793 1206 838 canin0,
1233 790 1339 837 quus
1356 788 1498 838 effigies
1515 789 1653 839 proflat
1680 791 1717 826 in
1729 788 2313 840 MercatiMemllotheca&apud

1049 840 1166 879 Nicol.
1178 840 1463 887 Stenonium‚qvi
1474 850 1584 888 caput
1596 839 1777 877 dissecuit.
1805 838 2042 879 Defideratur
2054 842 2125 889 itaq
2133 854 2176 878 ve
2185 839 2314 878 famati

1048 890 1162 938 hujus
1184 892 1293 941 piscis
1311 891 1398 928 icon
1418 888 1462 926 ab
1479 891 1703 942 omniparte
1721 889 1898 930 absoluta.
1974 892 2034 928 De
2066 890 2250 942 lapidibus
2275 891 2314 928 in

1050 942 1131 989 ejus
1148 942 1268 991 capite
1287 939 1361 978 vid.
1379 938 1482 990 Mff
1498 939 1546 977 ΙΙ.

947 1063 988 1095 lbi
1003 1065 1112 1095 historia
1126 1065 1260 1104 AEtliiopis
1271 1063 1305 1094 ab
1318 1063 1374 1093 hoc
1382 1061 1453 1102 pisce
1467 1061 1602 1092 devorati.
1644 1065 1674 1092 In
1684 1064 1776 1093 nostro
1785 1064 1911 1103 exemplo
1928 1063 2051 1093 libelliad
2061 1065 2213 1104 marginem
2223 1062 2319 1102 scripta

953 1119 1102 1157 „legimus
1122 1116 1219 1147 verba:
1261 1126 1343 1149 „con
1363 1113 1549 1144 unaterribile
1567 1122 1691 1154 apertura
1711 1113 1738 1143 di
1756 1114 1854 1146 bocca.
1923 1117 2006 1157 Negli
2022 1116 2090 1145 anali
2107 1114 2134 1144 di
2153 1119 2270 1144 Genoua
2284 1113 2318 1143 de

953 1165 1183 1200 „Giuslinicnofi
1199 1166 1279 1207 legge
1297 1176 1334 1194 un
1350 1164 1484 1194 sim'ilcaso
1500 1163 1562 1194 d'un
1580 1165 1709 1194 fanciullo
1733 1175 1811 1194 more
1827 1185 1835 1198 ,
1881 1165 1988 1195 schiavo
2016 1165 2049 1194 de
2072 1167 2154 1205 Luigi
2185 1166 2317 1196 Giberto.

952 1216 1031 1250 „elie
1053 1214 1200 1245 nuotando
1240 1225 1296 1244 con
1334 1215 1394 1244 altri
1429 1215 1549 1243 fanciulli
1577 1215 1605 1244 fu
1634 1215 1776 1255 ingliissito
1806 1214 1844 1244 da
1862 1226 1899 1245 un
1929 1215 2004 1254 pesce
2029 1214 2056 1243 di
2087 1214 2171 1253 specie
2187 1217 2283 1244 canina
2293 1232 2320 1247 „-

951 1285 971 1301 ,.
981 1266 1093 1296 Confer.
1107 1262 1256 1294 Rondelet':
1298 1263 1326 1292 &
1341 1268 1393 1294 Dn.
1413 1270 1492 1292 Hans
1508 1266 1606 1293 Sloane
1621 1269 1655 1293 H.
1674 1266 1755 1300 Jam.
1766 1270 1784 1294 Ι.
1799 1275 1846 1300 23.
1893 1285 1910 1298 ‚‚
1918 1264 2010 1294 Those
2019 1265 2055 1293 of
2064 1268 2132 1294 Nice
2148 1264 2209 1293 told
2224 1265 2320 1293 Gillius

953 1328 1019 1350 „on
1035 1314 1141 1344 offour
1151 1312 1287 1344 thousand
1304 1313 1400 1352 pound
1415 1314 1527 1355 vveight
1543 1313 1595 1343 had
1613 1313 1680 1342 been
1699 1315 1795 1344 taken,
1818 1313 1948 1344 vvherein
1963 1324 2024 1344 vvas
2044 1324 2059 1342 a
2076 1313 2141 1341 solid
2156 1323 2236 1345 τηετις
2266 1313 2321 1343 and

953 1362 1058 1398 „those
1073 1363 1110 1392 of
1119 1362 1260 1392 marstilles
1275 1364 1343 1392 took
1359 1361 1412 1392 had
1429 1374 1444 1392 a
1460 1364 1606 1392 loricatum
1625 1362 1768 1392 hominem
1789 1365 1816 1392 in
1831 1363 1888 1391 him
1898 1382 1925 1396 ‚,.
1993 1362 2113 1392 Massiliae
2130 1364 2158 1392 δε
2174 1365 2266 1394 Niceae
2274 1362 2321 1392 ali-

955 1411 1067 1453 qvando
1081 1420 1167 1452 captae
1182 1413 1243 1442 sunt
1258 1414 1377 1446 Lamiae,
1399 1414 1426 1441 in
1444 1422 1558 1452 qvarum
1573 1414 1727 1443 ventriculo
1745 1413 1833 1442 homo
1848 1413 1979 1442 loricatus
1995 1415 2132 1443 inventus.

947 1482 1042 1510 Potius
1058 1478 1161 1510 latiori
1173 1480 1342 1518 reliqvorum
1357 1478 1451 1508 dorsis.
1495 1482 1613 1510 Dorsum
1632 1480 1712 1509 breve
1723 1499 1730 1511 ‚
1751 1479 1785 1509 ad
1795 1480 1923 1510 mustelos
1932 1489 2123 1520 comparatum
2133 1499 2140 1513 ‚
2161 1478 2320 1510 latiffimum

955 1529 1008 1562 ess;
1052 1527 1199 1568 Willughb.
1213 1537 1242 1567 p.
1256 1538 1274 1565 4
1284 1539 1311 1562 7.
1354 1527 1471 1558 Αἰσῖνον.
1488 1528 1520 1558 de
1531 1526 1601 1568 pifi-
1612 1538 1640 1566 p.
1657 1539 1671 1561 3
1682 1533 1727 1562 81.

873 1635 904 1672 c)
945 1632 971 1661 Si
980 1630 1038 1670 qvis
1048 1628 1144 1659 dentes
1159 1627 1271 1662 fossiles,
1295 1629 1383 1670 vulgo
1399 1628 1596 1672 gloffopetras,
1629 1628 1659 1657 ὃς
1678 1627 1791 1657 strratos
1806 1627 1836 1656 &
1850 1625 1963 1666 simplici
1979 1627 2021 1657 vel
2031 1627 2088 1658 laevi
2107 1628 2165 1658 acie
2180 1629 2319 1659 acumina-

957 1689 1019 1711 tos,
1043 1679 1209 1717 maximiqve
1225 1678 1350 1712 moduli,
1371 1690 1436 1708 cum
1450 1679 1580 1708 dentibus
1597 1680 1755 1708 Lamiarum
1772 1680 1913 1707 Canumvc
1929 1678 2059 1708 hactenus
2076 1681 2197 1719 cognitis
2220 1689 2321 1710 contu-

958 1730 1037 1760 lerit,
1060 1729 1135 1757 ultro
1159 1726 1304 1760 fatebitur,
1331 1726 1388 1757 dari
1410 1729 1511 1757 horum
1536 1727 1624 1766 plures
1649 1727 1761 1766 species,
1792 1737 1873 1765 qvam
1893 1726 2036 1765 descriptas
2057 1726 2204 1761 habemus,
2234 1739 2321 1768 neqve

958 1791 1056 1809 omues
1072 1781 1154 1817 hujus
1173 1782 1281 1820 generis
1297 1771 1512 1821 pistesfirrati‘s
1529 1780 1673 1809 instrufios
1689 1779 1738 1808 esse
1755 1777 1890 1808 dentibus,
1954 1779 2081 1817 Exempla
2096 1778 2272 1809 desumantur
2289 1791 2322 1809 ex

958 1830 1079 1862 Alclrov.
1092 1833 1169 1870 Must
1181 1833 1286 1861 meran.
1297 1842 1325 1871 p.
1342 1835 1401 1863 611.
1445 1830 1549 1861 Besleri
1562 1830 1726 1862 rarioribus3
1768 1827 1953 1860 Scheuchzeri
1960 1829 2071 1868 qverelis
2082 1829 2193 1867 piscium
2203 1830 2255 1859 διο.
2267 1829 2325 1862 ubi,

960 1883 1033 1912 inter
1048 1883 1133 1915 alios,
1155 1882 1221 1912 dens
1237 1885 1373 1914 maximus
1386 1884 1445 1914 acie
1460 1884 1501 1915 vel
1519 1892 1568 1913 ora
1584 1892 1645 1912 non
1658 1881 1772 1915 [ἐπι-πει,
1793 1881 1897 1911 confer.
1912 1876 2040 1910 sumnia·
2057 1878 2116 1919 dtffi
2130 1890 2186 1920 cap.
2203 1881 2323 1911 σεσώκ-

961 1931 1008 1961 ria
1023 1933 1084 1965 Yab.
1096 1939 1143 1965 VI.
1162 1931 1199 1968 ὅ
1201 1944 1224 1964 c.

753 2089 790 2118 2.
843 2069 1104 2125 Cynocephalus
1130 2070 1322 2113 Glaucum·
1379 2081 1399 2109 a
1432 2069 1615 2109 constanti
1652 2067 1805 2117 colore,
1854 2069 1918 2118 qvi
1948 2069 1987 2108 iu
2020 2067 2133 2107 dorso
2165 2067 2323 2118 pulchre

1056 2122 1253 2172 caeruleus,
1279 2121 1499 2169 saturacior,
1527 2123 1566 2158 in
1582 2132 1712 2158 ventre
1733 2130 1943 2169 argenteus.
1995 2117 2101 2168 Angl.
2127 2117 2192 2156 the
2210 2117 2322 2156 blew-

1057 2172 1185 2210 Shark.
1258 2171 1393 2209 Galeus
1411 2170 1592 2218 Glaucus,
1619 2168 1799 2208 Rondelet.
1829 2170 1934 2207 Gesn.
1957 2167 2100 2208 Aldrov.
2129 2165 2323 2217 Willughb.

1059 2221 1213 2270 qualus
1230 2220 1359 2260 fossula
1378 2219 1593 2271 triangulari
1609 2221 1648 2258 in
1668 2219 1965 2259 extremodorso
2015 2224 2073 2268 a),
2123 2217 2322 2258 foramini-

1058 2271 1128 2315 bus
1144 2270 1311 2313 nullisad
1326 2269 1460 2312 oculos
1510 2269 1575 2321 b),
1610 2270 1755 2313 Artedi.
1794 2275 1952 2320 γλαυκος
1965 2267 2116 2318 AEliani5
2171 2266 2323 2325 Charle7

2246 2328 2320 2359 tom
